@misc{wiki:Leapfrog_integration,
   author = "Wikipedia",
   title = "{Leapfrog integration} --- {W}ikipedia{,} The Free Encyclopedia",
   year = "2023",
   howpublished = {\url{http://en.wikipedia.org/w/index.php?title=Leapfrog\%20integration&oldid=1136991243}},
   note = "[Online; accessed 03-June-2023]"
 }

@misc{wiki:Barnes–Hut_simulation,
author = "Wikipedia",
title = "{Barnes–Hut simulation} --- {W}ikipedia{,} The Free Encyclopedia",
year = "2023",
howpublished = {\url{http://en.wikipedia.org/w/index.php?title=Barnes\%E2\%80\%93Hut\%20simulation&oldid=1152747090}},
note = "[Online; accessed 03-June-2023]"
}
@misc{wiki:N-body_simulation,
   author = "Wikipedia",
   title = "{N-body simulation} --- {W}ikipedia{,} The Free Encyclopedia",
   year = "2023",
   howpublished = {\url{http://en.wikipedia.org/w/index.php?title=N-body\%20simulation&oldid=1152412481}},
   note = "[Online; accessed 03-June-2023]"
 }
 @misc{wiki:N-body_problem,
   author = "Wikipedia",
   title = "{N-body problem} --- {W}ikipedia{,} The Free Encyclopedia",
   year = "2023",
   howpublished = {\url{http://en.wikipedia.org/w/index.php?title=N-body\%20problem&oldid=1158504123}},
   note = "[Online; accessed 08-June-2023]"
 }